@misc{static-reflection,
  author = "Daveed Vandevoorde and Wyatt Childers and Andrew Sutton and Faisal
            Vali",
  title = "{P1240R2}: Scalable Reflection",
  howpublished = "\url{https://wg21.link/p1240r2}",
  year = 2022,
  month = 1,
  publisher = "WG21",
}

@misc{poacher,
  title = {poacher: C++ compile-time compiling experiments},
  author = {Jules {Penuchot}},
  year = {2020},
  url = {https://github.com/jpenuchot/poacher/},
}

@misc{pyperf,
  title = {Pyperf},
  author = {Victor {Stinner}},
  year = {2016},
  url = {https://pyperf.readthedocs.io/en/latest/},
}

@online{ctbench-cppp21,
  author = {Jules {Penuchot}},
  title = {ctbench: compile time benchmarking for Clang},
  year = {2021},
  url = {https://www.youtube.com/watch?v=1RZY6skM0Rc},
}

@online{time-trace,
  author = {Anton Afanasyev},
  title = {Adds `-ftime-trace` option to clang that produces Chrome
           `chrome://tracing` compatible JSON profiling output dumps},
  year = {2019},
  url = {https://reviews.llvm.org/D58675},
}

@online{meetingcpp22,
  author = {Paul {Keir} and Joel {Falcou} and Jules {Penuchot} and Andrew {Gozillon}},
  title = {Meeting C++ - A totally constexpr standard library},
  year = {2022},
  url = {https://www.youtube.com/watch?v=ekFPm7e__vI},
}

@online{sciplot,
  author = {Allan {Leal}},
  title = {Sciplot: A modern C++ scientific plotting library powered by gnuplot},
  year = {2018},
  url = {https://sciplot.github.io/},
}

@online{buildbench,
  author = {Fred {Tingaud}},
  title = {Build-Bench},
  year = {2017},
  url = {https://build-bench.com/},
}
